@book{knuth_sorting_book,
    author = {Donald E. Knuth},
    title = {The Art of Computer Programming, Volume 3: Sorting and Searching},
    edition = {3rd},
    year = {1997},
    publisher = {Addison-Wesley},
    isbn = {0-201-89685-0},
    pages = {138-141},
    note = {Section 5.2.3: Sorting by Selection}
}


@book{levitin_algorithms_book,
    author = {Anany Levitin},
    title = {Introduction to the Design and Analysis of Algorithms},
    edition = {2nd},
    year = {2007},
    publisher = {Addison-Wesley},
    isbn = {0-321-35828-7},
    pages = {98-100},
    note = {Section 3.1: Selection Sort}
}


@book{sedgewick_algorithms_book,
    author = {Robert Sedgewick},
    title = {Algorithms in C++, Parts 1-4: Fundamentals, Data Structure, Sorting, Searching},
    edition = {2nd},
    year = {1998},
    publisher = {Addison-Wesley Longman},
    isbn = {0-201-35088-2},
    pages = {273-274}
}
